@techreport{SPARC,
  author       = {Hegglin, M.I. and Tegtemeier (eds.), S.}, 
  title        = {{SPARC}, 2017: The {SPARC} Data Initiative: Assessment of stratospheric trace gas and aerosol climatologies from satellite limb sounders},
  institution  = {WCRP-5},
  year         = 2017,
  number       = 8,
}

@article{MIPAS_instrument,
author  = {Fischer, H. and Birk, M. and Blom, C. and Carli, B. and Carlotti, M. and von Clarmann, T. and Delbouille, L. and Dudhia, A. and Ehhalt, D. and Endemann, M. and Flaud, J. M. and Gessner, R. and Kleinert, A. and Koopman, R. and Langen, J. and Lopez-Puertas, M. and Mosner, P. and Nett, H. and Oelhaf, H. and Perron, G. and Remedios, J. and Ridolfi, M. and Stiller, G. and Zander, R. },
title   = {{MIPAS}: An Instrument for Atmospheric and Climate Research},
journal = {Atmospheric Chemistry and Physics},
year    = 2008,
pages   = {2151-2188},
number  = 8,
volume  = 1
}

@conference{ACE_conference,
author       = {Bernath, P.},
title        = {{The Atmospheric Chemistry Experiment (ACE): An overview}},
booktitle    = {{The Atmospheric Chemistry Experiment (ACE): An overview}},
year         = 2002,
address      = {Toronto, Ontario},
organization = {{IEEE} International Geoscience and Remote Sensing Symposium}
}

@article{GLORIA_concept,
author  = {Friedl-Vallon, F. and Gulde, T. and Hase, F. and Kleinert, A. and Kulessa, T. and Maucher, G. and Neubert, T. and Olschewski, F. and Piesch, C. and Preusse, P. and Rongen, H. and Sartorius, C. and Schneider, H. and Schonfeld, A. and Tan, V. and Bayer, N. and Blank, J. and Dapp, R. and Ebersoldt, A. and Fischer, H. and Graf, F. and Guggenmoser, T. and Hopfner, M. and Kaufmann, M. and Kretschmer, E. and Latzko, T. and Nordmeyer, H. and Oelhaf, H. and Orphal, J. and Riese, M. and Schardt, G. and Schillings, J. and Sha, M. K. and Suminska-Ebersoldt, O. and Ungermann, J.},
title   = {Instrument Concept of the Imaging Fourier Transform Spectrometer {GLORIA}},
journal = {Atmospheric Measurement Techniques},
year    = 2014,
pages   = {3565-3577},
number  = 7,
volume  = 1
}

@phdthesis{GLORIA_PhD,
  author       = {Sha, M. K.}, 
  title        = {Characterization and Optimization of the new Imagining Fourier Transform Spectrometer {GLORIA}},
  school       = {Karlsruhe Institute of Technolog},
  year         = 2013,
  address      = {Karlsruhe, Germany},
}

@article{GLORIA_objectives,
  author  = {Riese, M. and Fiedl-Vallon, F. and Spang, R. and Preusse, P. and Schiller, C. and Hoffmann, L. and Konopka, P. and Oelhaf, H. and von Clarmann, Th. and Hopfner, M.}, 
  title   = {Global Limb Radiance Imager for the Atmosphere ({GLORIA}): Scientific Objectives},
  journal = {Advances in Space Research},
  year    = 2005,
  number  = 36,
  pages   = {989-995},
  volume  = 1
}

@book{heat_transfer_textbook,
  author    = {Lienhard IV, John H. and Lienhard V, John H.}, 
  title     = {A Heat Transfer Textbook},
  publisher = {Phlogiston Press},
  year      = 2019,
  address   = {Cambridge, Massachusetts, U.S.A.},
  edition   = 5
}

@book{FEA_SW,
  author    = {Ed Akin, J.}, 
  title     = {A Heat Transfer Textbook},
  publisher = {World Scientific},
  year      = 2009,
  address   = {Houston},
}

@article{GLORIA_thermalmech,
author  = {Piesch, C. and Sartorius, C. and Friedl-Vallon, F. and Gulde, T. and Heger, S. and Kretschmer, E. and Maucher, G. and Nordmeyer, H. and Barthel, J. and Ebersoldt, A. and Hase, F. and Graf, F. and Klienert, A. and Neubert, t. and Schillings, H. J.},
title   = {The Mechanical and Thermal Setup of the {GLORIA} Spectrometer},
journal = {Atmospheric Measuerment Techniques},
year    = 2015,
pages   = {1773-1787},
}

@article{MCT_Detectors,
author  = {Shen, S.C.},
title   = {Comparison and Competition Between MCT and QW Structure Material For Use in IR Detectors},
journal = {Microelectronics Journal},
year = 1994,
pages = {713-739},
number = 25,
volume = 1
}

@article{current_measurement_MCTs,
author = {Eppeldauer, George P. and Martin, Robert J.},
title = {Photocurrent Measurement of PC and PV HgCdTe Detectors},
journal = {Journal of Research of the National Institute of Standards and Technology},
year = 2001,
pages = {577-587},
number = 3,
volume = 106
}

@article{MCT_linearity,
author = {Novak, L. and Eppeldauer, G.},
title = {Linear HgCdTe Radiometer},
journal = {SPIE: Imaging Infrared: Scene Simulation, Modeling, and Real Image Tracking},
year = 1989,
pages = {91-96},
volume = 1110
}

@article{MCT_responsivity,
author = {Gopal, Vishnu},
title = {Responsivity Modelling of HgCdTe Photoconductive Detectors},
journal = {Seminconductor Science and Technology},
year = 1998,
pages = {887-889},
number = 13,
volume = 1
}

@techreport{CATS_report,
  author       = {Craig Haley}, 
  title        = {{CATS} Thermal Summary Internal Report},
  institution  = {ABB},
  year         = 2018
}

@book{FEA_Procedures,
  author    = {Bathe, Klaus-Jurgen}, 
  title     = {Finite Element Procedures},
  publisher = {Massachusetts Institute of Technology},
  year      = 2016,
  address   = {Watertown, MA},
}

@article{non-linearity_correction,
author = {Bakan, Stephan; Newman, Stuart; Fiedler, Lars},
title = {Correction of Detector Nonlinearity in Fourier Transform Spectroscopy with a Low-Temperature Blackbody},
journal = {Applied Optics},
year = 2005,
pages = {5332-5340},
number = 25,
volume = 44
}